<record><leader>00000cas a2200000 a 4500</leader><controlfield tag="001">137342757</controlfield><controlfield tag="006">m     o  d        </controlfield><controlfield tag="007">cr |n|||||||||</controlfield><controlfield tag="008">820930d18812001gaudr nso     0    0eng c</controlfield><datafield ind1=" " ind2=" " tag="010"><subfield code="a">  2007233868</subfield></datafield><datafield ind1=" " ind2=" " tag="040"><subfield code="a">AZU</subfield><subfield code="b">eng</subfield><subfield code="c">AZU</subfield><subfield code="d">GUA</subfield><subfield code="d">OCLCQ</subfield><subfield code="d">OCLCF</subfield><subfield code="d">OCLCO</subfield></datafield><datafield ind1="1" ind2=" " tag="029"><subfield code="a">AU@</subfield><subfield code="b">000043815318</subfield></datafield><datafield ind1="1" ind2=" " tag="029"><subfield code="a">AU@</subfield><subfield code="b">000044054017</subfield></datafield><datafield ind1="1" ind2=" " tag="029"><subfield code="a">AU@</subfield><subfield code="b">000044913010</subfield></datafield><datafield ind1="1" ind2=" " tag="029"><subfield code="a">AU@</subfield><subfield code="b">000045699436</subfield></datafield><datafield ind1="1" ind2=" " tag="029"><subfield code="a">AU@</subfield><subfield code="b">000042472796</subfield></datafield><datafield ind1=" " ind2=" " tag="042"><subfield code="a">pcc</subfield></datafield><datafield ind1=" " ind2=" " tag="043"><subfield code="a">n-us-ga</subfield></datafield><datafield ind1=" " ind2=" " tag="090"><subfield code="a">AN13.A82</subfield></datafield><datafield ind1="0" ind2=" " tag="130"><subfield code="a">Atlanta constitution (Atlanta, Ga. : 1881 : Online)</subfield></datafield><datafield ind1="1" ind2="4" tag="245"><subfield code="a">The Atlanta constitution</subfield><subfield code="h">[electronic resource].</subfield></datafield><datafield ind1=" " ind2=" " tag="260"><subfield code="a">Atlanta, Ga. :</subfield><subfield code="b">[Constitution Pub. Co.]</subfield></datafield><datafield ind1=" " ind2=" " tag="310"><subfield code="a">Daily,</subfield><subfield code="b">Oct. 28, 1884-</subfield></datafield><datafield ind1=" " ind2=" " tag="321"><subfield code="a">Daily (except Mon.),</subfield><subfield code="b">1881-Oct. 27, 1884</subfield></datafield><datafield ind1="0" ind2=" " tag="362"><subfield code="a">Vol. 14 (Sept. 15, 1881)-</subfield></datafield><datafield ind1="1" ind2=" " tag="362"><subfield code="a">Ceased with v. 134, no. 97 (Nov. 4, 2001).</subfield></datafield><datafield ind1=" " ind2=" " tag="500"><subfield code="a">Title from pdf image of caption (ProQuest, viewed Dec. 7, 2007).</subfield></datafield><datafield ind1=" " ind2=" " tag="588"><subfield code="a">Latest issue consulted: Vol. 72, no. 202 (Dec. 31, 1939) (viewed Dec. 7, 2007).</subfield></datafield><datafield ind1=" " ind2="0" tag="651"><subfield code="a">Atlanta (Ga.)</subfield><subfield code="v">Newspapers.</subfield></datafield><datafield ind1=" " ind2="0" tag="651"><subfield code="a">Fulton County (Ga.)</subfield><subfield code="v">Newspapers.</subfield></datafield><datafield ind1=" " ind2="7" tag="655"><subfield code="a">Newspapers.</subfield><subfield code="2">fast</subfield><subfield code="0">(OCoLC)fst01423814</subfield></datafield><datafield ind1=" " ind2="7" tag="651"><subfield code="a">Georgia</subfield><subfield code="z">Atlanta.</subfield><subfield code="2">fast</subfield><subfield code="0">(OCoLC)fst01204627</subfield></datafield><datafield ind1=" " ind2="7" tag="651"><subfield code="a">Georgia</subfield><subfield code="z">Fulton County.</subfield><subfield code="2">fast</subfield><subfield code="0">(OCoLC)fst01211153</subfield></datafield><datafield ind1=" " ind2=" " tag="752"><subfield code="a">United States</subfield><subfield code="b">Georgia</subfield><subfield code="c">Fulton</subfield><subfield code="d">Atlanta.</subfield></datafield><datafield ind1="0" ind2="8" tag="776"><subfield code="i">Print version:</subfield><subfield code="t">Atlanta constitution (Atlanta, Ga. : 1881)</subfield><subfield code="w">(DLC)sn 82015857</subfield><subfield code="w">(OCoLC)8821030</subfield></datafield><datafield ind1="0" ind2="0" tag="780"><subfield code="t">Daily constitution (Atlanta, Ga.)</subfield><subfield code="w">(DLC)sn 83016861</subfield><subfield code="w">(OCoLC)10177773</subfield></datafield><datafield ind1="0" ind2="0" tag="780"><subfield code="t">Daily constitution (Atlanta, Ga. : Online)</subfield><subfield code="w">(DLC)  2007233881</subfield><subfield code="w">(OCoLC)179260386</subfield></datafield><datafield ind1="1" ind2="7" tag="785"><subfield code="t">Atlanta journal (Atlanta, Ga. : 1889 : Online)</subfield></datafield><datafield ind1="1" ind2="7" tag="785"><subfield code="t">Atlanta journal-constitution (Atlanta, Ga. : 2001 : Online)</subfield><subfield code="w">(OCoLC)60360834</subfield></datafield><datafield ind1="4" ind2="0" tag="856"><subfield code="u">http://proquest.umi.com/pqdweb?RQT=306&amp;COPT=REJTPTFBQ0Q@&amp;DBId=15316</subfield></datafield><datafield ind1="4" ind2="0" tag="856"><subfield code="u">http://proquest.umi.com/pqdweb?&amp;RQT=318&amp;VName=HNP&amp;pmid=66979</subfield><subfield code="z">Full-text available from ProQuest Historical Newspapers</subfield></datafield></record>